3292 5128
767 360 946 414 ..lv-

281 523 396 588 decimi
419 543 489 588 esse
512 526 647 608 constet,
670 526 704 587 et
720 522 849 588 libellus
873 523 943 606 ipse
962 522 1044 586 satis
1064 520 1216 606 antiquus
1236 520 1289 606 sit,
1311 521 1430 605 quippe

282 652 321 695 ex
344 651 407 715 qno
425 627 590 694 Palladius
609 651 691 715 quac
709 630 748 695 de
772 628 989 694 architectura
1011 628 1110 694 habet
1133 627 1287 708 hauserit,
1311 649 1429 712 operae

281 757 332 800 me
349 735 511 801 factorum
531 757 601 802 esse
620 740 699 821 puto
718 737 867 822 pretinm,
890 734 919 800 si
937 737 971 800 et
988 735 1121 800 titulum
1140 737 1173 799 et
1190 735 1301 800 uarias
1319 735 1430 800 lectio·

280 865 338 908 nes
362 841 519 909 hocloco
543 847 688 929 repetam
712 842 766 930 (ex
785 841 1080 929 Sitzungsberichte
1104 841 1160 906 der
1177 840 1311 907 Wiener
1331 841 1429 906 Acad.

281 950 366 1014 1871
393 947 534 1015 October
556 973 587 1036 p.
606 949 663 1037 32)
753 957 757 970 '
876 931 882 948 ’

489 1093 533 1175 II.
557 1105 905 1176 GETIFAVIIN'I'INI
928 1106 1058 1174 ARTIS
1082 1105 1219 1174 ARCHI

501 1211 800 1282 TBOTIONIOAII
824 1213 1029 1283 PRIVATIS
1052 1211 1209 1282 VSIBVS

620 1320 933 1390 ADBRIIVIATVS
957 1321 1091 1388 LIBER

281 1461 368 1528 Rose
391 1487 422 1548 p.
439 1463 503 1530 287
510 1513 519 1549 ,
544 1466 560 1529 1
586 1464 625 1530 de
653 1465 733 1531 artis
762 1464 1031 1532 architectonicae
1059 1463 1191 1550 peritia]
1222 1465 1302 1530 artis
1326 1464 1431 1530 erchi-

278 1570 475 1636 tectionicae
500 1569 653 1656 peritiam
720 1569 870 1658 2P01i0]
894 1571 999 1638 Pollio
1067 1569 1089 1637 5
1117 1572 1246 1652 ornare]
1280 1570 1430 1637 ordinare

283 1679 303 1742 8
336 1676 507 1762 qnibusuc]
541 1677 721 1764 quibusque
790 1676 1023 1760 aedificiorum]
1057 1677 1202 1743 aedificio
1279 1678 1319 1743 10
1351 1679 1429 1761 alia]

283 1785 437 1850 contuitio
485 1777 572 1868 'quae
600 1783 791 1851 aedificandi
819 1782 937 1871 gatis]
966 1785 1082 1869 quibus
1110 1783 1299 1850 aedificandi
1322 1786 1431 1872 getis

287 1893 326 1957 11
352 1891 540 1977 cognosces]
565 1911 661 1977 cog..
683 1891 804 1974 relicua
820 1891 990 1974 pmcsrnt.

372 1995 458 2064 Rose
485 2020 516 2081 p.
536 1997 600 2064 286
623 1996 640 2062 I
663 1997 947 2080 architectonicae]
976 1997 1207 2064 architectione
1275 1994 1324 2063 IV
1347 2000 1430 2063 stru-

285 2103 398 2186 cturis]
427 2104 602 2170 eorundem
629 2105 699 2170 cdd.
767 2102 798 2169 V
822 2127 923 2190 aquae
951 2103 1133 2190 probando]
1162 2125 1244 2196 aque
1265 2103 1431 2188 probando

283 2209 355 2298 (cic)
409 2209 491 2277 VIII
513 2213 643 2293 natura]
671 2210 845 2276 natiuitate
873 2211 1063 2297 probando,
1094 2209 1142 2276 XI
1164 2209 1329 2296 parandis]
1358 2231 1433 2295 pro·

282 2317 399 2382 bandis
458 2315 522 2382 XII
544 2317 716 2399 caesionis]
741 2317 880 2384 cesionis
934 2317 1013 2384 XIX
1036 2340 1132 2404 snper
1155 2317 1430 2404 contignationes]

284 2445 383 2510 supra
414 2423 636 2516 contigua...
726 2422 821 2488 XXII
857 2425 1154 2506 caementiciorum]
1187 2425 1364 2491 caementic
1378 2475 1385 2490 .
1401 2475 1431 2490 ..

283 2527 395 2594 XXIII
413 2528 492 2596 hum
590 2531 649 2598 soti
666 2581 673 2596 .
688 2579 718 2596 ..
804 2529 896 2598 XXV
916 2532 1051 2616 pict..,
1139 2529 1249 2598 XXVI
1273 2531 1308 2596 in
1325 2531 1431 2596 hieme

284 2637 431 2721 tepeant]
456 2636 524 2700 sine
547 2637 617 2723 igni
638 2636 744 2702 hieme
767 2639 841 2722 tepe
855 2686 863 2702 .
877 2687 908 2703 ..
966 2637 1058 2704 XXX
1081 2638 1121 2703 de
1144 2636 1256 2704 maltis
1279 2637 1430 2718 diuersis]
1511 2631 1514 2640 ’

285 2743 374 2828 deest,
396 2743 490 2808 huicce
511 2743 641 2826 wpitsls‘
664 2743 726 2810 loco
749 2744 859 2829 tegitur
881 2744 990 2832 uxpli.

374 2919 551 2987 Berolini
577 2920 627 2988 15.
646 2919 787 3008 Augusti
813 2923 907 2989 1876.

792 3472 923 3530 NOTAE.

622 3611 640 3648 a
657 3595 734 3666 *neu
753 3604 770 3652 4
789 3598 903 3654 lurein

623 3701 641 3738 a
659 3684 741 3756 (128,
752 3685 790 3758 7>
808 3688 840 3742 tn
857 3688 937 3743 librs's
954 3685 1090 3742 omittitur

622 3789 640 3827 a
659 3777 713 3843 (54,
727 3778 771 3846 la)
790 3775 857 3830 litis·
874 3793 892 3830 a
910 3776 991 3846 partu

782 3863 854 3920 Boeo
871 3867 984 3933 parturn
