3292 5128
603 1359 984 1452 PRAEFATIO.

725 1553 856 1562 .—

306 1675 521 1744 Oontinentur
552 1673 614 1742 hoc
642 1675 747 1742 indice
780 1681 813 1742 et
845 1678 1005 1744 uocabula
1032 1677 1227 1746 Vitruuiana
1257 1681 1366 1746 omnia

218 1790 250 1850 et
272 1806 383 1850 omnes
406 1783 483 1868 loci,
512 1784 568 1848 ubi
596 1783 761 1869 leguntur,
788 1784 853 1849 nisi
881 1785 967 1870 quod
994 1787 1029 1850 in
1056 1783 1123 1853 his:
1152 1788 1196 1852 au
1215 1792 1318 1852 autern
1340 1793 1369 1854 et

217 1895 252 1958 in
279 1895 307 1959 is
332 1895 380 1959 ua
406 1913 469 1958 non
496 1897 540 1958 ast
565 1895 641 1957 sunt
666 1891 734 1974 qui,
765 1912 847 1975 quae
877 1892 912 1955 in
941 1892 1055 1975 quauis
1085 1893 1208 1978 pagina
1238 1895 1367 1980 saepius

218 2003 403 2084 occurrunt,
431 2021 486 2065 eos
509 2003 637 2064 tantum
661 1997 749 2063 locos
773 1997 953 2083 adscriptos
982 2000 1142 2084 inuenies,
1173 2001 1229 2066 ubi
1253 2001 1366 2066 inuitis

217 2109 383 2175 codicibus
408 2109 464 2172 aut
487 2106 608 2172 omissa
631 2109 688 2170 aut
711 2108 838 2171 mutata
862 2109 918 2170 aut
941 2106 1063 2170 inserta
1082 2111 1167 2170 snnt.
1204 2105 1366 2172 Hortante

217 2238 270 2302 eo,
297 2237 393 2300 quem
422 2213 523 2279 totius
554 2211 662 2296 operis
690 2216 854 2277 auctorem
883 2215 979 2297 atque
1006 2212 1236 2297 instigatorem
1265 2213 1364 2278 habui

217 2321 256 2388 R.
280 2321 455 2405 Schoenio,
483 2342 522 2385 ea
549 2318 721 2398 uocabula,
749 2339 831 2402 quae
859 2317 954 2383 aliter
981 2318 1015 2383 in
1044 2323 1198 2384 contextu
1221 2319 1371 2386 Rosiana

217 2430 370 2516 lcgtmtur
393 2429 490 2511 atque
513 2425 548 2491 in
575 2424 752 2508 codicibus,
783 2423 938 2490 asteriaco
965 2426 1093 2510 notaui,
1120 2425 1168 2491 itu
1194 2429 1303 2492 tumen
1330 2432 1367 2492 ut

218 2559 300 2622 quae
333 2535 518 2605 coniectura
550 2553 684 2616 prorsus
717 2533 843 2596 mutata
875 2535 963 2614 sunt,
996 2533 1121 2618 omnia,
1157 2555 1196 2598 ea
1228 2556 1364 2618 quorum

217 2643 462 2709 terminationes
484 2643 613 2705 tantum
635 2642 785 2723 nauatae,
808 2638 933 2704 delectu
955 2638 1070 2706 habito
1094 2639 1280 2723 indicarem,
1302 2663 1366 2725 qua
1503 2661 1512 2674 ·

216 2751 252 2815 in
275 2772 309 2814 ra
331 2747 466 2814 nimium
491 2769 543 2811 mc
566 2744 679 2810 fecisse
707 2765 804 2830 quarn
827 2766 942 2829 parum
970 2745 1072 2811 uideri
1096 2746 1206 2812 malui.
1251 2745 1363 2830 Neque

218 2879 296 2922 nero
315 2879 354 2922 ea
372 2853 468 2921 omisi
488 2852 656 2936 uocabula,
679 2873 762 2937 quae
785 2873 857 2916 cum
880 2851 914 2916 in
937 2851 1031 2918 libris
1051 2853 1209 2938 legantur,
1228 2873 1248 2916 a
1266 2851 1365 2917 Rusio

217 2968 274 3029 aut
298 2963 400 3028 eiecta
423 2963 480 3026 aut
502 2963 630 3024 mutata
658 2962 747 3044 sunt;
773 2959 929 3024 nonnulla
952 2959 1039 3024 enim
1067 2963 1152 3024 certe
1181 2957 1211 3022 ei
1234 2958 1267 3022 in
1290 2980 1365 3024 con·
1407 2959 1410 2964 ’

215 3075 341 3136 textum
372 3068 557 3153 recipienda
588 3065 731 3150 fuerant,
758 3069 795 3130 ut
826 3067 994 3148 epitonium
1026 3065 1187 3143 liberdum,
1220 3063 1260 3130 dc
1292 3066 1364 3130 aliis

214 3177 362 3243 dubitare
384 3175 474 3260 licet,
504 3174 570 3239 alia
596 3173 713 3260 quibus
736 3172 927 3258 pracsertim
951 3171 1042 3238 uitiis
1065 3172 1191 3238 codices
1215 3173 1361 3255 corrupti

216 3283 284 3350 sint
306 3283 431 3348 docent

305 3389 446 3475 Graeca,
477 3411 560 3474 qnae
594 3389 721 3474 graecis
753 3385 872 3452 litteris
903 3408 924 3450 a
949 3385 1050 3452 Rosio
1079 3383 1264 3450 scribuntur
1291 3407 1363 3450 cnm

216 3500 284 3565 suis
306 3498 386 3564 locis
409 3495 529 3562 inserui
552 3499 622 3560 tum
640 3495 676 3560 in
694 3496 758 3560 fine
776 3492 887 3560 omniu
905 3491 1082 3578 composui,
1105 3491 1236 3557 omissis
1255 3496 1365 3557 tamen

217 3604 463 3691 epigrammatis
486 3587 569 3688 quac
592 3625 626 3687 p.
644 3602 718 3668 201.
738 3601 804 3667 202
827 3601 988 3686 leguntur.

305 3709 458 3795 Sequitur
486 3712 678 3794 conspectus
706 3712 857 3773 notarum
884 3705 1113 3790 numeralium}
1139 3706 1252 3790 quales
1280 3707 1364 3790 apud

218 3815 355 3882 Rosinm
375 3820 409 3881 et
431 3818 467 3882 in
490 3817 655 3883 codicibus
678 3817 804 3900 extant3
829 3812 1016 3880 emendatus
1039 3812 1184 3878 inncnias
1208 3813 1241 3878 in
1266 3834 1365 3878 anna-

219 3923 306 3988 libus
319 3922 592 3990 Fleckeisenianis
606 3945 635 3989 a.
652 3923 737 3989 1876
751 3943 782 4006 p.
796 3921 859 3987 251
877 3943 954 4007 sqq„
973 3920 1029 3985 nbi
1044 3917 1234 3986 Hultsohius
1249 3917 1367 3985 doctis-

217 4030 297 4094 simc
321 4029 360 4095 de
382 4030 424 4095 iis
447 4029 636 4116 disputanit.

304 4135 451 4222 Denique
483 4135 585 4202 adieci
618 4137 736 4202 selecto
768 4135 927 4220 epitomes
955 4133 1167 4200 Vitruuianac
1197 4132 1365 4218 uocabula,

219 4243 309 4307 cuius
337 4246 502 4308 auctorem
530 4243 645 4310 folium
676 4243 717 4307 ab
745 4241 776 4307 J.
799 4241 946 4326 Hauptio
973 4261 1076 4324 nuper
1102 4240 1137 4304 in
1165 4239 1366 4304 bibliotheca

217 4347 462 4415 vindobonensi
481 4353 645 4433 repertum
664 4330 763 4432 (nubo
782 4347 893 4432 Suppl.
912 4345 1012 4434 2867)
1031 4345 1075 4412 Μ.
1093 4343 1221 4412 Ostium
1240 4345 1363 4410 Fanen-

216 4455 320 4520 tinnm
357 4455 517 4542 praebuit.
562 4455 655 4530 Quod
686 4454 799 4520 folium
832 4477 903 4518 cum
935 4453 1052 4519 saeculi
1082 4452 1161 4518 noni
1192 4451 1244 4516 uel
1277 4457 1363 4518 certe
